%referencia 1
@Book{GRIFFITHS,
	AUTHOR = "David Griffths",
	TITLE = "Introduction to Elementary Particles",
	PUBLISHER = "Wiley-VCH Verlag GmbH \& Co",
	address = "KGaA, Weinheim",
	YEAR = "2008"
}

%referencia 2
@book{GIUNTI,
   title =     {Fundamentals of Neutrino Physics and Astrophysics},
   author =    {Carlo Giunti and Chung W. Kim},
   publisher = {Oxford University Press, USA},
   isbn =      {0198508719,9780198508717,9781429488433},
   year =      {2007},
   series =    {},
   edition =   {illustrated edition},
   volume =    {},
   url =       {http://gen.lib.rus.ec/book/index.php?md5=5E5592F2A4EB3346CF8A2389808884DA}
}

%referencia 3
@book{MICHAEL,
   title =     {Radioactivity: Introduction and History},
   author =    {Michael F. L'Annunziata},
   publisher = {Elsevier Science},
   isbn =      {978-0-444-52715-8},
   year =      {2007},
   series =    {},
   edition =   {1},
   volume =    {},
   url =       {http://gen.lib.rus.ec/book/index.php?md5=A9CC1B463678E32AA495B1E65089DAD9}
}

%referencia 4
@Article{ADELBERGER,
	author = "E. G. Adelberger",
	title = "Solar fusion cross sections. II. The $pp$ chain and CNO cycles",
	journal = " Rev. Mod. Phys",
	volume = "83",
	pages = "195--245",
	year = "2011"
}

%referencia 5
@ARTICLE{SPIERING,
       author = {Christian Spiering},
        title = "{Towards high-energy neutrino astronomy. A historical review}",
      journal = {European Physical Journal H},
         year = 2012,
        month = Aug,
       volume = {37},
        pages = {515-565}
}

%referencia 6
@article{DAVIS,
      author = {B. T. Cleveland and Timothy Daily and Raymond Davis and James R. Distel and Kenneth Lande and C. K. Lee and Paul S. Wildenhain and Jack Ullman},
      title = "{Measurement of the solar electron neutrino flux with the Homestake chlorine detector}",
      journal = {Astrophys. J.},
      volume = {496},
      year = 1998,
      pages = {505-526}
}

%refrencia 7
@article{MCDONALD,
      author         = {Arthur B. McDonald},
      title          = "{Nobel Lecture: The Sudbury Neutrino Observatory:
                        Observation of flavor change for solar neutrinos}",
      journal        = {Rev. Mod. Phys.},
      volume         = {88},
      year           = 2016,
      number         = {3},
      pages          = {030502}
}

%refrencia 8
@article{BOREXINO,
      author         = {Collaboration Borexino},
      title          = "{Neutrinos from the primary pronton-proton fusion process in the Sun}",
      journal        = {Nature},
      volume         = {512},
      year           = 2014,
      pages          = {383-386}
}

%refrencia 9
@article{BOREXINO1,
      author         = {Collaboration Borexino},
      title          = "{First real time detection of Be7 solar neutrinos by Borexino}",
      journal        = {Physics Letters B},
      volume         = {658},
      number 		 = {4},
      year           = 2008,
      pages          = {101-108}
}

%referencia 10
@article{BOREXINO2,
      author         = {Collaboration Borexino},
      title          = "{Comprehensive measurement of pp-chain solar neutrinos}",
      journal        = {Nature},
      volume         = {562},
      year           = 2018,
      pages          = {505-510}
}

%referencia 11
@Book{ EREDITATO,
	AUTHOR = "Antonio Ereditato",
	TITLE = "The State of the Art of Neutrino Physics: A Tutorial for Graduate Students and Young Researchers",
	PUBLISHER = "World Scientific Publishing",
	volume = {28},
	year = {2018}
}

%referencia 12
@article{SHIMIZU,
title = {Past and Present Experiments of Geoneutrinos},
author = {Itaru Shimizu},
journal = {Physics Procedia},
volume = {61},
pages = {355 - 358},
year = {2015},
note = {13th International Conference on Topics in Astroparticle and Underground Physics, TAUP 2013}
}

%referencia 13
@Misc{NEUTRINO,
	key = {Fermilab},
	title = {All Things Neutrino. Website of Fermi National Accelerator Laboratory, (http://neutrinos.fnal.gov).}
}

%referencia 14
@Misc{SBND,
	key = {Short-Baseline Near Detector (SBND)},
	title = {Short-Baseline Near Detector (SBND). Website of Fermi National Accelerator Laboratory, (http://sbn-nd.fnal.gov/index.html)}
}

%referencia 15
@Misc{DUNE,
	key = {Deep Underground Neutrino Experiment (DUNE)},
	title = {Deep Underground Neutrino Experiment (DUNE). Website of Fermi National Accelerator Laboratory, (http://www.dunescience.org)}
}

%referencia 16
@Misc{ICECUBE,
	key = {IceCube South Pole Neutrino Observatory.},
	title = {IceCube South Pole Neutrino Observatory . Website of National Science Foundation, (https://icecube.wisc.edu)}
}

%referencia 17
@book{SERWAY,
   title =     {Modern Physics},
   author =    {Raymon A. Serway and Clement J. Moses and Curt A. Moyer},
   publisher = {Thomson. BROOKS/COLE},
   year =      {2005},
   series =    {},
   edition =   {Third},
   volume =    {}
}

%referencia 18
@article{MULLER,
title = {Improved Predictions of Reactor Antineutrino Spectra},
author = {Mueller, Th. A. and Lhuillier, D. and Fallot, M. and Letourneau, A. and Cormon, S. and Fechner, M. and Giot, L. and Lasserre, T. and Martino, J. and Mention, G. and Porta, A. and Yermia, F.},
journal = {Physics Review},
volume = {83},
pages = {054615},
publisher = {American Physical Society},
year = {2011}
}

%referencia 19
@article{HUBER,
  title = {Precision spectroscopy with reactor antineutrinos},
  author = {Huber, Patrick and Schwetz, Thomas},
  journal = {Phys. Rev. D},
  volume = {70},
  issue = {5},
  pages = {053011},
  numpages = {12},
  year = {2004},
  month = {Sep},
  publisher = {American Physical Society},
  doi = {10.1103/PhysRevD.70.053011},
  url = {https://link.aps.org/doi/10.1103/PhysRevD.70.053011}
}

%referencia 20
@article{XIN,
      author         = "Xin Qian and Jen-Chieh Peng",
      title          = {Physics with Reactor Neutrinos},
      journal        = {Rept. Prog. Phys.},
      volume         = {82},
      year           = {2019},
      number         = {3},
      pages          = {036201},
      doi            = {10.1088/1361-6633/aae881},
      eprint         = {1801.05386},
      archivePrefix  = {arXiv}
}

%referencia 21
@PhDThesis{MARCELO,
	author = {Marcelo Jorge Nascimento Souza},
	title = {Analise de Monte Carlo e Detectacao de Antineutrinos do Experimento Neutrinos Angra},
	school = {Centro Brasileiro de Pesquisas Fisicas},
	month = {Dezembro},
	year = {2014}
}

%referencia 22
@InProceedings{ANJOS,
	author = {J.C.Anjos and A.F. Barbosa and R.Z. Funchal and R.M.O. Galvao and G.P. Guedes and M.M. Guzzo and E. Kemp and H. Lima Jr and J. Magnin and H. da Motta and H. Nunokawa and I.M. Pepe and O.L.G. Peres and R.C. Shellard and F.R.A. Simao and M. Vaz},
	title = {Detector de Antineutrinos para Monitorar a Composicao do Combustivel e Potencia Termica de Reatores Nucleares},
	booktitle = {Projeto NEUTRINOS-ANGRA},
	year = {2005}
}

%referencia 23
@MastersThesis{ARIDIO,
	author = {Aridio Schiappacassa},
	title = {Interface USB para modulo de aquisicao de dados: Uma Contribuicao ao Projeto Neutrinos-Angra},
	school = {Centro Brasileiro de Pesquisas Fisicas-CBPF},
	year = {2012}
}

%referencia 24
@article{ANGRA,
	author = {Lima Jr, Herman and Alfonzo, J.A.M. and Anjos, J.C and Cernicchiaro, Geraldo and Chimenti, P and Costa, I.A. and Dias, M.P. and Farias, Paulo and Fernandes Junior, A and Guedes, Germano and Gomez Gonzalez, Luis Fernando and Kemp, Ernesto and Lopes, G.S. and Marcelo, J and Migliorini, M.L. and Nobrega, R.A. and Pepe, I.M. and Ribeiro, D.B.S. and Souza, D.M. and Teixeira, L.R.},
	year = {2019},
	month = {06},
	pages = {P06010-P06010},
	title = {Neutrinos Angra experiment: commissioning and first operational measurements},
	volume = {14},
	journal = {Journal of Instrumentation}
}

%referencia 25
@Misc{MODELOPADRAO,
	key = {File:Standard Model of Elementary Particles},
	title = {Website of Wikimedia Commons, (https://commons.wikimedia.org/wiki/File:Standard Model of Elementary Particles.svg)}
}

%referencia 26
@ARTICLE{POLTERGEIST,
       author = {C. L. Cowan and F. Reines and F. B. Harrison and H. W. Kruse and A. D. McGuire},
        title = "{Detection of the Free Neutrino: A Confirmation}",
      journal = {Science, New Series},
         year = 1956,
        month = Jul,
       volume = {124},
        pages = {103-104}
}

%referencia 27
@ARTICLE{REINESCOWAN,
       author = {C. L. Cowan and F. Reines},
        title = "{The Reines-Cowan experiments: Detecting the Poltergeist}",
      journal = {Los Alamos Sci.},
         year = 1997,
       volume = {25},
        pages = {4-27}
}

%referencia 28
@misc{BERNSTEIN,
    title={Neutrino Detectors as Tools for Nuclear Security},
    author={Adam Bernstein and Nathaniel Bowden and Bethany L. Goldblum and Patrick Huber and Igor Jovanovic and John Mattingly},
    year={2019},
    eprint={1908.07113},
    archivePrefix={arXiv},
    primaryClass={physics.soc-ph}
}

%referencia 29
@article{BOWDEN,
   title={Reactor monitoring and safeguards using antineutrino detectors},
   volume={136},
   ISSN={1742-6596},
   DOI={10.1088/1742-6596/136/2/022008},
   number={2},
   journal={Journal of Physics: Conference Series},
   publisher={IOP Publishing},
   author={Bowden, N S},
   year={2008},
   month={Nov},
   pages={022008}
}

%referencia 30
@article{KIM,
	doi = {10.1088/1742-6596/888/1/012010},
	year = {2017},
	month = {sep},
	publisher = {{IOP} Publishing},
	volume = {888},
	pages = {012010},
	author = {Yeongduk Kim},
	title = {Non-Proliferation and Reactor Monitoring},
	journal = {Journal of Physics: Conference Series}
}

%referencia 31
@PhDThesis{MARCELO1,
	author = {Marcelo Assis de Faria Ribeiro},
	title = {Validacao do Modelo Geometrico Coputacional do Experimento Neutrinos Angra},
	school = {Universidade Federal de Alfenas campus Pocos de Caldas},
	month = {Setembro},
	year = {2017}
}
